<record><leader>00000cas a22000007a 4500</leader><controlfield tag="001">13114363</controlfield><controlfield tag="008">860206d18791886coudn ne      0    0eng d</controlfield><datafield ind1=" " ind2=" " tag="010"><subfield code="a">sn 86066841 </subfield></datafield><datafield ind1=" " ind2=" " tag="040"><subfield code="a">KSH</subfield><subfield code="b">eng</subfield><subfield code="c">KSH</subfield><subfield code="d">NPT</subfield><subfield code="d">CNQ</subfield><subfield code="d">OCLCQ</subfield><subfield code="d">CGAVW</subfield><subfield code="d">OCLCO</subfield></datafield><datafield ind1=" " ind2=" " tag="042"><subfield code="a">msc</subfield></datafield><datafield ind1="0" ind2=" " tag="130"><subfield code="a">Daily chronicle (Leadville, Colo.)</subfield></datafield><datafield ind1="1" ind2="4" tag="245"><subfield code="a">The daily chronicle.</subfield></datafield><datafield ind1=" " ind2=" " tag="260"><subfield code="a">Leadville, Colo. :</subfield><subfield code="b">Chronicle Pub. Co.</subfield></datafield><datafield ind1=" " ind2=" " tag="300"><subfield code="a">v.</subfield></datafield><datafield ind1=" " ind2=" " tag="310"><subfield code="a">Daily (except Sun.)</subfield></datafield><datafield ind1="0" ind2=" " tag="362"><subfield code="a">Vol. 1, no. 1 (Jan. 29, 1879)-8th year (Feb. 6, 1886).</subfield></datafield><datafield ind1=" " ind2=" " tag="530"><subfield code="a">Available on microfilm from the Colorado Historical Society.</subfield></datafield><datafield ind1=" " ind2=" " tag="580"><subfield code="a">Weekly ed.: Carbonate chronicle.</subfield></datafield><datafield ind1=" " ind2="0" tag="651"><subfield code="a">Leadville (Colo.)</subfield><subfield code="v">Periodicals.</subfield></datafield><datafield ind1=" " ind2="0" tag="651"><subfield code="a">Leadville (Colo.)</subfield><subfield code="x">History</subfield><subfield code="v">Sources.</subfield></datafield><datafield ind1=" " ind2=" " tag="752"><subfield code="a">United States</subfield><subfield code="b">Colorado</subfield><subfield code="c">Lake</subfield><subfield code="d">Leadville.</subfield></datafield><datafield ind1="1" ind2=" " tag="775"><subfield code="t">Carbonate chronicle</subfield><subfield code="w">(DLC)sn 90051739</subfield></datafield><datafield ind1="0" ind2="0" tag="785"><subfield code="t">Leadville evening chronicle</subfield><subfield code="w">(DLC)sn 90051818</subfield></datafield></record>